@misc{wiki:Cissoid_of_Diocles,
   author = "Wikipedia",
   title = "{Cissoid of Diocles} --- {W}ikipedia{,} The Free Encyclopedia",
   year = "2021",
   howpublished = {\url{http://en.wikipedia.org/w/index.php?title=Cissoid\%20of\%20Diocles&oldid=965964307}},
   note = "[Online; accessed 27-February-2021]"
 }

@book{ronaldo,
author="Ronaldo Freire Lima",
title = "INTRODUÇÃO À GEOMETRIA DIFERENCIAL",
year = "2016",
pages = "7",
publisher = "SBM - Sociedade Brasileira de Matemática"}

@inbook{lima1981curso,
	title={Curso de An{\'a}lise Vol. 1, 15ª ed.},
	author={Lima, E.L.},
	url={https://impa.br/page-livros/curso-de-analise-vol-1/},
	year={2019},
	pages={185},
	publisher={Instituto de Matem{\'a}tica Pura e Aplicada, IMPA}
}

@misc{wiki:Tangential_angle,
	author = "Wikipedia",
	title = "{Tangential angle} --- {W}ikipedia{,} The Free Encyclopedia",
	year = "2021",
	howpublished = {\url{http://en.wikipedia.org/w/index.php?title=Tangential\%20angle&oldid=773476653}},
	note = "[Online; accessed 28-February-2021]"
}
@book{pressley2001elementary,
	title={Elementary Differential Geometry},
	author={Pressley, L.M.A. and Pressley, A. and Chaplain, M. and Erdmann, K. and Macintyre, A.J. and Toland, J.F. and Süli, E.},
	isbn={9781852331528},
	lccn={00058345},
	series={Springer Undergraduate Mathematics Series},
	url={www.springer.com/series/3423},
	year={2001},
	publisher={Springer}
}
@misc{wiki:Hessian_matrix,
	author = "Wikipedia",
	title = "{Hessian matrix} --- {W}ikipedia{,} The Free Encyclopedia",
	year = "2021",
	howpublished = {\url{http://en.wikipedia.org/w/index.php?title=Hessian\%20matrix&oldid=1011126160}},
	note = "[Online; accessed 17-March-2021]"
}
@misc{wiki:Rotations_and_reflections_in_two_dimensions,
	author = "Wikipedia",
	title = "{Rotations and reflections in two dimensions} --- {W}ikipedia{,} The Free Encyclopedia",
	year = "2021",
	howpublished = {\url{http://en.wikipedia.org/w/index.php?title=Rotations\%20and\%20reflections\%20in\%20two\%20dimensions&oldid=1002077477}},
	note = "[Online; accessed 18-March-2021]"
}
@misc{wiki:Jordan_curve_theorem,
	author = "Wikipedia",
	title = "{Jordan curve theorem} --- {W}ikipedia{,} The Free Encyclopedia",
	year = "2021",
	howpublished = {\url{http://en.wikipedia.org/w/index.php?title=Jordan\%20curve\%20theorem&oldid=999461428}},
	note = "[Online; accessed 08-April-2021]"
}
@misc{wolfram:ranknullity,
	author = "Rahmi Jackson",
	title = "{Rank-Nullity Theorem.} From {MathWorld} --- {A} {W}olfram {W}eb {R}esource{,} created by {Eric W. Weisstein.}",
	howpublished = {\url{https://mathworld.wolfram.com/Rank-NullityTheorem.html}},
	note = ""
}
@book{analise2,
	title={Curso de An{\'a}lise Vol. 2, 1ª ed.},
	author={Lima, E.L.},
	url={https://impa.br/page-livros/curso-de-analise-vol-2/},
	year={2014},
	publisher={Instituto de Matem{\'a}tica Pura e Aplicada, IMPA}
}
@book{bartle2014elements,
	title={The Elements of Integration and Lebesgue Measure},
	author={Bartle, R.G.},
	isbn={9780471042228},
	series={Wiley Classics Library},
	url={https://www.wiley.com/en-br/The+Elements+of+Integration+and+Lebesgue+Measure-p-9780471042228},
	year={1995},
	publisher={Wiley}
}
@misc{math3,
	author        = {A. Sapozhnikov},
	title         = {Lecture Notes in Mathematics for Physicists 3},
	year          = {2016},
	howpublished={Universität Leipzig},
	url = {http://www.math.uni-leipzig.de/~sapozhnikov/10-PHY-BIPMA3-2/Math3_LectureNotes.pdf}
}
@misc{frink,
	author = {Frink, O.},
	year =  {1933},
	title = {Jordan Measure and Riemann Integration},
	howpublished = {Annals of Mathematics},
	volume =  {34(3), second series},
	pages = {518-526},
	url={doi:10.2307/1968175}
}

@book{princeton,
author = {Stein, E.M. e Shakarchi, R.},
title = {Real Analysis, Measure Thoery, Integration and Hilber Spaces},
publisher = {Princeton University Press},
isbn = {9780691113869},
year = {2005},
series = {Princeton Lectures in Analysis III}
}

@misc{wiki:Jordan_measure,
	author = "Wikipedia",
	title = "{Jordan measure} --- {W}ikipedia{,} The Free Encyclopedia",
	year = "2021",
	howpublished = {\url{http://en.wikipedia.org/w/index.php?title=Jordan\%20measure&oldid=995999525}},
	note = "[Online; accessed 07-June-2021]"
}
@misc{freire,
	title = {Lecture Notes on Jordan Content and Riemann Integral},
	author = {Freire, A.},
	howpublished = {University of Tennessee}
	url = {http://www.math.utk.edu/~freire/teaching/m448s17/JordanContent.pdf}
	year = {2018}
}